

#tarea 1 DOE


@INPROCEEDINGS{bandpass1,
  author={Phuoc, Nguyen Si},
  booktitle={2018 2nd International Conference on Imaging, Signal Processing and Communication (ICISPC)}, 
  title={Variable IIR Digital Band-Pass and Band-Stop Filters}, 
  year={2018},
  volume={},
  number={},
  pages={132-137},
  doi={10.1109/ICISPC44900.2018.9006707}}
  
  
  @misc{IQR1,
  title={How to Remove Outliers in R},
  author={Zach},
  url={\url{https://www.statology.org/remove-outliers-r/}},
}





  @misc{R_doc,
  title={R Documentation},
  url={\url{https://stat.ethz.ch/R-manual/R-devel/library/grDevices/html/boxplot.stats.html}}
}

  @misc{IQR2,
  title={Understanding Boxplots},
  author={Michael Galarnyk},
  url={\url{https://towardsdatascience.com/understanding-boxplots-5e2df7bcbd51}}
}


@article{daud2017improved,
  title={An improved mathematical model of Galton board with velocity-dependent restitution},
  author={Daud, Mat and Aslah, Auni},
  journal={Journal of Computational and Nonlinear Dynamics},
  volume={12},
  number={6},
  year={2017},
  publisher={American Society of Mechanical Engineers Digital Collection}
}

@inbook{ha_2010, place={Cambridge}, title={Intersymbol interference and equalization}, DOI={10.1017/CBO9780511778681.010}, booktitle={Theory and Design of Digital Communication Systems}, publisher={Cambridge University Press}, author={Ha, Tri T.}, year={2010}, pages={473â€“521}}